<record><leader>00000cas a22000007a 4500</leader><controlfield tag="001">11957484</controlfield><controlfield tag="008">850424d19731973utuwr ne     l0    0eng d</controlfield><datafield ind1=" " ind2=" " tag="010"><subfield code="a">sn 85058121 </subfield></datafield><datafield ind1=" " ind2=" " tag="040"><subfield code="a">UNP</subfield><subfield code="b">eng</subfield><subfield code="c">UNP</subfield><subfield code="d">OCLCQ</subfield></datafield><datafield ind1=" " ind2=" " tag="042"><subfield code="a">msc</subfield></datafield><datafield ind1="0" ind2="0" tag="245"><subfield code="a">Salt Lake neighborhood news.</subfield></datafield><datafield ind1="3" ind2="0" tag="246"><subfield code="a">Neighborhood news</subfield></datafield><datafield ind1=" " ind2=" " tag="260"><subfield code="a">Salt Lake City, Utah :</subfield><subfield code="b">Communications Service Center,</subfield><subfield code="c">1973.</subfield></datafield><datafield ind1=" " ind2=" " tag="300"><subfield code="a">1 v. :</subfield><subfield code="b">ill. ;</subfield><subfield code="c">42 cm.</subfield></datafield><datafield ind1=" " ind2=" " tag="310"><subfield code="a">Weekly</subfield></datafield><datafield ind1="0" ind2=" " tag="362"><subfield code="a">Vol. 2, no. 29 (Mar. 22, 1973)-v. 2, no. 40 (June 14, 1973).</subfield></datafield><datafield ind1=" " ind2=" " tag="550"><subfield code="a">Published under the direction of the Joint Board of City and County Commissioners.</subfield></datafield><datafield ind1="2" ind2=" " tag="710"><subfield code="a">Joint Board of City and County Commissioners (Utah)</subfield></datafield><datafield ind1=" " ind2=" " tag="752"><subfield code="a">United States</subfield><subfield code="b">Utah</subfield><subfield code="c">Salt Lake</subfield><subfield code="d">Salt Lake City.</subfield></datafield><datafield ind1="0" ind2="0" tag="780"><subfield code="t">Salt Lake model neighborhood news</subfield><subfield code="w">(DLC)sn 85058119</subfield><subfield code="w">(OCoLC)11957451</subfield></datafield><datafield ind1="0" ind2="0" tag="785"><subfield code="t">Salt Lake neighborhood news advertiser</subfield><subfield code="w">(DLC)sn 85058122</subfield><subfield code="w">(OCoLC)11957461</subfield></datafield><datafield ind1="1" ind2=" " tag="029"><subfield code="a">AU@</subfield><subfield code="b">000025806141</subfield></datafield></record>